@Article{         hairer2009introduction,
  title         = {An introduction to stochastic PDEs},
  author        = {Hairer, Martin},
  journal       = {arXiv preprint arXiv:0907.4178},
  year          = {2009}
}

@article{kratschmer2023kolmogorov,
  title={A Kolmogorov--Chentsov type theorem on general metric spaces with applications to limit theorems for Banach-valued processes},
  author={Kr{\"a}tschmer, Volker and Urusov, Mikhail},
  journal={Journal of Theoretical Probability},
  volume={36},
  number={3},
  pages={1454--1486},
  year={2023},
  publisher={Springer}
}

@book{talagrand2022upper,
  title={Upper and lower bounds for stochastic processes: decomposition theorems},
  author={Talagrand, Michel},
  volume={60},
  year={2022},
  publisher={Springer Nature}
}

@Book{            kallenberg2021,
  author        = {Kallenberg, Olav},
  title         = {Foundations of modern probability},
  series        = {Probability Theory and Stochastic Modelling},
  volume        = {99},
  publisher     = {Springer Nature Switzerland},
  edition       = {Third Edition},
  year          = {2021},
  pages         = {193},
  isbn          = {978-3-030-61870-4; 978-3-030-61871-1},
  doi           = {10.1007/978-3-030-61871-1},
  url           = {https://doi.org/10.1007/978-3-030-61871-1}
}

 @book{pascucci2024,
 address={Cham},
 series={UNITEXT},
 title={Probability Theory II: Stochastic Calculus},
 volume={166},
 rights={https://www.springernature.com/gp/researchers/text-and-data-mining},
 ISBN={978-3-031-63192-4},
 url={https://link.springer.com/10.1007/978-3-031-63193-1},
 DOI={10.1007/978-3-031-63193-1},
 publisher={Springer Nature Switzerland},
 author={Pascucci, Andrea},
 year={2024},
 collection={UNITEXT},
 language={en} }
